<collection xmlns="http://www.loc.gov/MARC21/slim"><record><leader>00848nam  2200277   450</leader><controlfield tag="001">564</controlfield><controlfield tag="003">http://montalegre.opacnet.com/OPAC/default.aspx?ContentAreaControl=ShowRegHoldings.ascx&amp;RegNo=16662</controlfield><controlfield tag="005">20</controlfield><datafield tag="010" ind1=" " ind2=" "><subfield code="a">972-33-0773-1</subfield></datafield><datafield tag="021" ind1=" " ind2=" "><subfield code="a">PT</subfield><subfield code="b">41509/90</subfield></datafield><datafield tag="095" ind1=" " ind2=" "><subfield code="a">PTBN00269716</subfield></datafield><datafield tag="100" ind1=" " ind2=" "><subfield code="a">19910327d1990    m  y0pory010305  ba</subfield></datafield><datafield tag="101" ind1="1" ind2=" "><subfield code="a">por</subfield><subfield code="c">eng</subfield></datafield><datafield tag="102" ind1=" " ind2=" "><subfield code="a">PT</subfield></datafield><datafield tag="105" ind1=" " ind2=" "><subfield code="a">y   z   000ay</subfield></datafield><datafield tag="106" ind1=" " ind2=" "><subfield code="a">r</subfield></datafield><datafield tag="200" ind1="1" ind2=" "><subfield code="a">&lt;A &gt;herdeira</subfield><subfield code="f">Henry James</subfield><subfield code="g">trad. M. F. Gonçalves de Azevedo</subfield></datafield><datafield tag="210" ind1=" " ind2=" "><subfield code="a">Lisboa</subfield><subfield code="c">Estampa</subfield><subfield code="d">D.L. 1990</subfield></datafield><datafield tag="215" ind1=" " ind2=" "><subfield code="a">240, [2] p.</subfield><subfield code="d">21 cm</subfield></datafield><datafield tag="225" ind1="2" ind2=" "><subfield code="a">Ficções</subfield><subfield code="v">17</subfield></datafield><datafield tag="304" ind1=" " ind2=" "><subfield code="a">Tít orig.: Washington Square</subfield></datafield><datafield tag="675" ind1=" " ind2=" "><subfield code="a">821</subfield><subfield code="v">BN</subfield><subfield code="z">por</subfield></datafield><datafield tag="700" ind1=" " ind2="1"><subfield code="a">James</subfield><subfield code="b">Henry</subfield><subfield code="f">1843-1916</subfield></datafield><datafield tag="801" ind1=" " ind2="0"><subfield code="a">PT</subfield><subfield code="b">Biblioteca Municipal de Montalegre</subfield><subfield code="g">RPC</subfield></datafield><datafield tag="856" ind1=" " ind2=" "><subfield code="u">locateMedia.asp?cod=20060518120430&amp;ext=jpg</subfield><subfield code="z">CAPA</subfield></datafield><datafield tag="909" ind1="&#9;" ind2=" "><subfield code="a">2</subfield></datafield><datafield tag="966" ind1=" " ind2=" "><subfield code="a">0010881</subfield><subfield code="l">BMM</subfield><subfield code="s">SCG 821 JAM her 17</subfield></datafield><datafield tag="966" ind1=" " ind2=" "><subfield code="a">0010880</subfield><subfield code="l">BMM</subfield><subfield code="s">SCG 821 JAM her 17</subfield></datafield></record></collection>